<record><leader>01957nam a2200469oi 4500</leader><controlfield tag="001">6802890</controlfield><controlfield tag="003">CaONFJC</controlfield><controlfield tag="005">20150204143635.0</controlfield><controlfield tag="006">m        d        </controlfield><controlfield tag="007">cr||n|||||||||</controlfield><controlfield tag="008">150126s2015    nju     o     000 0 eng d</controlfield><datafield ind1=" " ind2=" " tag="020"><subfield code="a">9781400838783</subfield><subfield code="q">electronic bk.</subfield></datafield><datafield ind1=" " ind2=" " tag="020"><subfield code="a">1400838789</subfield><subfield code="q">electronic bk.</subfield></datafield><datafield ind1=" " ind2=" " tag="020"><subfield code="a">9780691133386&#191;u9780691149639</subfield></datafield><datafield ind1=" " ind2=" " tag="020"><subfield code="a">9781322670300 (MyiLibrary)</subfield></datafield><datafield ind1=" " ind2=" " tag="037"><subfield code="a">698312</subfield><subfield code="b">MIL</subfield></datafield><datafield ind1=" " ind2=" " tag="039"><subfield code="a">exclude</subfield></datafield><datafield ind1=" " ind2=" " tag="040"><subfield code="a">CaONFJC</subfield><subfield code="c">CaONFJC</subfield><subfield code="e">rda</subfield><subfield code="d">AEU</subfield></datafield><datafield ind1=" " ind2="4" tag="050"><subfield code="a">F215</subfield></datafield><datafield ind1=" " ind2="7" tag="072"><subfield code="a">HIS</subfield><subfield code="x">036120</subfield><subfield code="2">bisacsh</subfield></datafield><datafield ind1="0" ind2="4" tag="082"><subfield code="a">975/.04</subfield><subfield code="2">23</subfield></datafield><datafield ind1=" " ind2=" " tag="090"><subfield code="a">Internet Access</subfield><subfield code="b">AEGMCT</subfield></datafield><datafield ind1=" " ind2=" " tag="091"><subfield code="a">DO NOT ADD TO THIS RECORD - PSA PROJECT</subfield></datafield><datafield ind1="1" ind2=" " tag="100"><subfield code="a">Mickey, Robert,</subfield><subfield code="e">author.</subfield></datafield><datafield ind1="1" ind2="0" tag="245"><subfield code="a">Paths out of Dixie</subfield><subfield code="h">[electronic resource] :</subfield><subfield code="b">the democratization of authoritarian enclaves in America's Deep South, 1944-1972 /</subfield><subfield code="c">Robert Mickey.</subfield></datafield><datafield ind1=" " ind2="1" tag="264"><subfield code="a">Princeton, New Jersey :</subfield><subfield code="b">Princeton University Press,</subfield><subfield code="c">2015.</subfield></datafield><datafield ind1=" " ind2=" " tag="300"><subfield code="a">1 online resource.</subfield></datafield><datafield ind1=" " ind2=" " tag="336"><subfield code="a">text</subfield><subfield code="b">txt</subfield><subfield code="2">rdacontent</subfield></datafield><datafield ind1=" " ind2=" " tag="337"><subfield code="a">computer</subfield><subfield code="b">c</subfield><subfield code="2">rdamedia</subfield></datafield><datafield ind1=" " ind2=" " tag="338"><subfield code="a">online resource</subfield><subfield code="b">cr</subfield><subfield code="2">rdacarrier</subfield></datafield><datafield ind1="1" ind2=" " tag="490"><subfield code="a">Princeton studies in American politics. Historical, international, and comparative perspectives</subfield></datafield><datafield ind1=" " ind2=" " tag="506"><subfield code="a">Access restricted to authorized users and institutions.</subfield></datafield><datafield ind1=" " ind2=" " tag="588"><subfield code="a">Description based on print version record.</subfield></datafield><datafield ind1=" " ind2=" " tag="596"><subfield code="a">57</subfield></datafield><datafield ind1=" " ind2="0" tag="650"><subfield code="a">Democratization</subfield><subfield code="z">Southern States.</subfield></datafield><datafield ind1=" " ind2="0" tag="651"><subfield code="a">Southern States</subfield><subfield code="x">Politics and government</subfield><subfield code="y">1865-1950.</subfield></datafield><datafield ind1=" " ind2="0" tag="651"><subfield code="a">Southern States</subfield><subfield code="x">Politics and government</subfield><subfield code="y">1951-</subfield></datafield><datafield ind1=" " ind2="0" tag="651"><subfield code="a">Confederate States of America</subfield><subfield code="x">Politics and government.</subfield></datafield><datafield ind1=" " ind2="0" tag="830"><subfield code="a">Princeton studies in American politics.</subfield></datafield><datafield ind1="4" ind2="0" tag="856"><subfield code="3">MacEwan University Access</subfield><subfield code="u">http://lib.myilibrary.com/detail.asp?ID=698312</subfield><subfield code="z">(Single User Access)</subfield></datafield><datafield ind1=" " ind2=" " tag="949"><subfield code="w">ORDER</subfield><subfield code="h">UAIN</subfield><subfield code="m">GR_MAC_INT</subfield><subfield code="z">MILGMPSA</subfield></datafield><datafield ind1=" " ind2=" " tag="926"><subfield code="a">Internet Access</subfield><subfield code="w">ORDER</subfield><subfield code="c">1</subfield><subfield code="i">6802890-1001</subfield><subfield code="l">INTERNET</subfield><subfield code="m">GR_MAC_INT</subfield><subfield code="r">Y</subfield><subfield code="s">Y</subfield><subfield code="t">E-RESOURCE</subfield><subfield code="u">2/11/2015</subfield><subfield code="x">E-BOOK</subfield><subfield code="z">MILGMPSA</subfield></datafield></record>